{
  "metadata": {
    "generated_at": "2026-01-12 00:04:42 UTC",
    "phase": "1 (MVP)",
    "components_included": [
      "C",
      "A",
      "N",
      "M"
    ],
    "candidates_analyzed": 39,
    "universe_size": 40,
    "market_condition": {
      "trend": "strong_uptrend",
      "M_score": 100,
      "warning": null
    }
  },
  "results": [
    {
      "symbol": "NVDA",
      "company_name": "NVIDIA Corporation",
      "sector": "Technology",
      "price": 184.825,
      "market_cap": 4499934366673,
      "composite_score": 85.6,
      "rating": "Exceptional",
      "rating_description": "Outstanding fundamentals + strong momentum",
      "guidance": "Strong buy, standard sizing (10-15% of portfolio)",
      "weakest_component": "N",
      "weakest_score": 60,
      "c_component": {
        "score": 100,
        "latest_qtr_eps_growth": 65.8,
        "latest_qtr_revenue_growth": 62.5,
        "latest_eps": 1.31,
        "year_ago_eps": 0.79,
        "latest_revenue": 57006000000,
        "year_ago_revenue": 35082000000,
        "latest_qtr_date": "2025-10-26",
        "year_ago_qtr_date": "2024-10-27",
        "interpretation": "Exceptional - Explosive earnings acceleration (EPS +65.8%, Revenue +62.5%)",
        "quality_warning": null,
        "error": null
      },
      "a_component": {
        "score": 90,
        "eps_cagr_3yr": 96.7,
        "revenue_cagr_3yr": 69.3,
        "stability": "erratic",
        "eps_values": [
          0.39,
          0.18,
          1.21,
          2.97
        ],
        "revenue_values": [
          26914000000,
          26974000000,
          60922000000,
          130497000000
        ],
        "years_analyzed": 4,
        "interpretation": "Exceptional - 96.7% CAGR, erratic growth trajectory",
        "quality_warning": null,
        "error": null
      },
      "n_component": {
        "score": 60,
        "distance_from_high_pct": -12.9,
        "current_price": 184.825,
        "week_52_high": 212.19,
        "week_52_low": 86.62,
        "breakout_detected": false,
        "current_volume": 131327534,
        "avg_volume": 184816293,
        "volume_ratio": 0.71,
        "interpretation": "Acceptable - Within 15% of high (-12.9% from high)",
        "error": null
      },
      "m_component": {
        "score": 100,
        "trend": "strong_uptrend",
        "sp500_price": 6966.28,
        "sp500_ema_50": 6826.9544,
        "distance_from_ema_pct": 2.04,
        "vix_level": 14.49,
        "interpretation": "Strong bull market - Aggressive buying recommended (S&P 500 +2.0% from 50-EMA, VIX 14.5)",
        "warning": null,
        "error": null
      },
      "threshold_check": {
        "passes_all": true,
        "failed_components": [],
        "recommendation": "buy",
        "reason": "All minimum thresholds met"
      }
    },
    {
      "symbol": "LLY",
      "company_name": "Eli Lilly and Company",
      "sector": "Healthcare",
      "price": 1063.56,
      "market_cap": 955380691232,
      "composite_score": 71.2,
      "rating": "Strong",
      "rating_description": "Solid across all components, minor weaknesses",
      "guidance": "Buy, standard sizing (8-12% of portfolio)",
      "weakest_component": "A",
      "weakest_score": 50,
      "c_component": {
        "score": 100,
        "latest_qtr_eps_growth": 475.9,
        "latest_qtr_revenue_growth": 53.9,
        "latest_eps": 6.22,
        "year_ago_eps": 1.08,
        "latest_revenue": 17600800000,
        "year_ago_revenue": 11439100000,
        "latest_qtr_date": "2025-09-30",
        "year_ago_qtr_date": "2024-09-30",
        "interpretation": "Exceptional - Explosive earnings acceleration (EPS +475.9%, Revenue +53.9%)",
        "quality_warning": "Revenue growth significantly lags EPS growth - investigate earnings quality (potential buyback-driven)",
        "error": null
      },
      "a_component": {
        "score": 50,
        "eps_cagr_3yr": 26.2,
        "revenue_cagr_3yr": 16.7,
        "stability": "erratic",
        "eps_values": [
          5.85,
          6.57,
          5.83,
          11.76
        ],
        "revenue_values": [
          28318400000,
          28541400000,
          34124100000,
          45042700000
        ],
        "years_analyzed": 4,
        "interpretation": "Acceptable - 26.2% CAGR meets CANSLIM minimum (erratic)",
        "quality_warning": null,
        "error": null
      },
      "n_component": {
        "score": 60,
        "distance_from_high_pct": -6.2,
        "current_price": 1063.56,
        "week_52_high": 1133.95,
        "week_52_low": 623.78,
        "breakout_detected": false,
        "current_volume": 2095386,
        "avg_volume": 3494748,
        "volume_ratio": 0.6,
        "interpretation": "Acceptable - Within 15% of high (-6.2% from high)",
        "error": null
      },
      "m_component": {
        "score": 100,
        "trend": "strong_uptrend",
        "sp500_price": 6966.28,
        "sp500_ema_50": 6826.9544,
        "distance_from_ema_pct": 2.04,
        "vix_level": 14.49,
        "interpretation": "Strong bull market - Aggressive buying recommended (S&P 500 +2.0% from 50-EMA, VIX 14.5)",
        "warning": null,
        "error": null
      },
      "threshold_check": {
        "passes_all": true,
        "failed_components": [],
        "recommendation": "buy",
        "reason": "All minimum thresholds met"
      }
    },
    {
      "symbol": "AVGO",
      "company_name": "Broadcom Inc.",
      "sector": "Technology",
      "price": 344.97,
      "market_cap": 1625541985136,
      "composite_score": 58.6,
      "rating": "Average",
      "rating_description": "Marginal CANSLIM candidate",
      "guidance": "Watchlist only, consider 3-5% if high conviction",
      "weakest_component": "A",
      "weakest_score": 30,
      "c_component": {
        "score": 100,
        "latest_qtr_eps_growth": 95.7,
        "latest_qtr_revenue_growth": 28.2,
        "latest_eps": 1.8,
        "year_ago_eps": 0.92,
        "latest_revenue": 18015000000,
        "year_ago_revenue": 14054000000,
        "latest_qtr_date": "2025-11-02",
        "year_ago_qtr_date": "2024-11-03",
        "interpretation": "Exceptional - Explosive earnings acceleration (EPS +95.7%, Revenue +28.2%)",
        "quality_warning": "Revenue growth significantly lags EPS growth - investigate earnings quality (potential buyback-driven)",
        "error": null
      },
      "a_component": {
        "score": 30,
        "eps_cagr_3yr": 21.5,
        "revenue_cagr_3yr": 24.4,
        "stability": "erratic",
        "eps_values": [
          2.74,
          3.39,
          1.27,
          4.91
        ],
        "revenue_values": [
          33203000000,
          35819000000,
          51574000000,
          63887000000
        ],
        "years_analyzed": 4,
        "interpretation": "Below threshold - 21.5% CAGR insufficient (<25% required)",
        "quality_warning": null,
        "error": null
      },
      "n_component": {
        "score": 40,
        "distance_from_high_pct": -16.8,
        "current_price": 344.97,
        "week_52_high": 414.61,
        "week_52_low": 138.1,
        "breakout_detected": false,
        "current_volume": 22482508,
        "avg_volume": 28806979,
        "volume_ratio": 0.78,
        "interpretation": "Weak - Lacks momentum (-16.8% from high)",
        "error": null
      },
      "m_component": {
        "score": 100,
        "trend": "strong_uptrend",
        "sp500_price": 6966.28,
        "sp500_ema_50": 6826.9544,
        "distance_from_ema_pct": 2.04,
        "vix_level": 14.49,
        "interpretation": "Strong bull market - Aggressive buying recommended (S&P 500 +2.0% from 50-EMA, VIX 14.5)",
        "warning": null,
        "error": null
      },
      "threshold_check": {
        "passes_all": false,
        "failed_components": [
          "A"
        ],
        "recommendation": "watchlist",
        "reason": "One component below threshold: A"
      }
    },
    {
      "symbol": "MA",
      "company_name": "Mastercard Incorporated",
      "sector": "Financial Services",
      "price": 575.54,
      "market_cap": 516811452932,
      "composite_score": 56.8,
      "rating": "Average",
      "rating_description": "Marginal CANSLIM candidate",
      "guidance": "Watchlist only, consider 3-5% if high conviction",
      "weakest_component": "A",
      "weakest_score": 40,
      "c_component": {
        "score": 60,
        "latest_qtr_eps_growth": 22.9,
        "latest_qtr_revenue_growth": 16.7,
        "latest_eps": 4.35,
        "year_ago_eps": 3.54,
        "latest_revenue": 8602000000,
        "year_ago_revenue": 7369000000,
        "latest_qtr_date": "2025-09-30",
        "year_ago_qtr_date": "2024-09-30",
        "interpretation": "Acceptable - Meets CANSLIM minimum 18% threshold (EPS +22.9%, Revenue +16.7%)",
        "quality_warning": null,
        "error": null
      },
      "a_component": {
        "score": 40,
        "eps_cagr_3yr": 16.6,
        "revenue_cagr_3yr": 14.3,
        "stability": "stable",
        "eps_values": [
          8.79,
          10.26,
          11.86,
          13.92
        ],
        "revenue_values": [
          18884000000,
          22237000000,
          25098000000,
          28167000000
        ],
        "years_analyzed": 4,
        "interpretation": "Below threshold - 16.6% CAGR insufficient (<25% required)",
        "quality_warning": null,
        "error": null
      },
      "n_component": {
        "score": 60,
        "distance_from_high_pct": -4.4,
        "current_price": 575.54,
        "week_52_high": 601.77,
        "week_52_low": 465.59,
        "breakout_detected": false,
        "current_volume": 1786796,
        "avg_volume": 2750743,
        "volume_ratio": 0.65,
        "interpretation": "Acceptable - Within 15% of high (-4.4% from high)",
        "error": null
      },
      "m_component": {
        "score": 100,
        "trend": "strong_uptrend",
        "sp500_price": 6966.28,
        "sp500_ema_50": 6826.9544,
        "distance_from_ema_pct": 2.04,
        "vix_level": 14.49,
        "interpretation": "Strong bull market - Aggressive buying recommended (S&P 500 +2.0% from 50-EMA, VIX 14.5)",
        "warning": null,
        "error": null
      },
      "threshold_check": {
        "passes_all": false,
        "failed_components": [
          "A"
        ],
        "recommendation": "watchlist",
        "reason": "One component below threshold: A"
      }
    },
    {
      "symbol": "CRM",
      "company_name": "Salesforce, Inc.",
      "sector": "Technology",
      "price": 259.94,
      "market_cap": 248500258950,
      "composite_score": 52.1,
      "rating": "Average",
      "rating_description": "Marginal CANSLIM candidate",
      "guidance": "Watchlist only, consider 3-5% if high conviction",
      "weakest_component": "N",
      "weakest_score": 20,
      "c_component": {
        "score": 40,
        "latest_qtr_eps_growth": 36.9,
        "latest_qtr_revenue_growth": 8.6,
        "latest_eps": 2.19,
        "year_ago_eps": 1.6,
        "latest_revenue": 10259000000,
        "year_ago_revenue": 9444000000,
        "latest_qtr_date": "2025-10-31",
        "year_ago_qtr_date": "2024-10-31",
        "interpretation": "Below threshold - Insufficient growth (EPS +36.9%, Revenue +8.6%)",
        "quality_warning": "Revenue growth significantly lags EPS growth - investigate earnings quality (potential buyback-driven)",
        "error": null
      },
      "a_component": {
        "score": 72,
        "eps_cagr_3yr": 62.2,
        "revenue_cagr_3yr": 12.7,
        "stability": "erratic",
        "eps_values": [
          1.51,
          0.21,
          4.25,
          6.44
        ],
        "revenue_values": [
          26492000000,
          31352000000,
          34857000000,
          37895000000
        ],
        "years_analyzed": 4,
        "interpretation": "Strong - 62.2% CAGR, well above CANSLIM 25% threshold (erratic)",
        "quality_warning": "Revenue CAGR significantly lags EPS CAGR - growth may be buyback-driven rather than organic",
        "error": null
      },
      "n_component": {
        "score": 20,
        "distance_from_high_pct": -29.2,
        "current_price": 259.94,
        "week_52_high": 367.09,
        "week_52_low": 221.96,
        "breakout_detected": false,
        "current_volume": 4530911,
        "avg_volume": 7921443,
        "volume_ratio": 0.57,
        "interpretation": "Poor - Too far from highs, overhead resistance (-29.2% from high)",
        "error": null
      },
      "m_component": {
        "score": 100,
        "trend": "strong_uptrend",
        "sp500_price": 6966.28,
        "sp500_ema_50": 6826.9544,
        "distance_from_ema_pct": 2.04,
        "vix_level": 14.49,
        "interpretation": "Strong bull market - Aggressive buying recommended (S&P 500 +2.0% from 50-EMA, VIX 14.5)",
        "warning": null,
        "error": null
      },
      "threshold_check": {
        "passes_all": false,
        "failed_components": [
          "C",
          "N"
        ],
        "recommendation": "avoid",
        "reason": "Multiple components below threshold: C, N"
      }
    },
    {
      "symbol": "GOOGL",
      "company_name": "Alphabet Inc.",
      "sector": "Technology",
      "price": 328.57,
      "market_cap": 3965061512412.9995,
      "composite_score": 47.8,
      "rating": "Below Average",
      "rating_description": "Fails one or more key thresholds",
      "guidance": "Monitor, do not buy",
      "weakest_component": "A",
      "weakest_score": 0,
      "c_component": {
        "score": 80,
        "latest_qtr_eps_growth": 35.0,
        "latest_qtr_revenue_growth": 15.9,
        "latest_eps": 2.89,
        "year_ago_eps": 2.14,
        "latest_revenue": 102346000000,
        "year_ago_revenue": 88268000000,
        "latest_qtr_date": "2025-09-30",
        "year_ago_qtr_date": "2024-09-30",
        "interpretation": "Strong - Well above CANSLIM threshold (EPS +35.0%, Revenue +15.9%)",
        "quality_warning": "Revenue growth significantly lags EPS growth - investigate earnings quality (potential buyback-driven)",
        "error": null
      },
      "a_component": {
        "score": 0,
        "eps_cagr_3yr": 12.6,
        "revenue_cagr_3yr": 10.8,
        "stability": "erratic",
        "eps_values": [
          5.69,
          4.59,
          5.84,
          8.13
        ],
        "revenue_values": [
          257637000000,
          282836000000,
          307394000000,
          350018000000
        ],
        "years_analyzed": 4,
        "interpretation": "Weak - 12.6% CAGR does not meet CANSLIM criteria",
        "quality_warning": null,
        "error": null
      },
      "n_component": {
        "score": 60,
        "distance_from_high_pct": -0.7,
        "current_price": 328.57,
        "week_52_high": 330.83,
        "week_52_low": 140.53,
        "breakout_detected": false,
        "current_volume": 26214166,
        "avg_volume": 35932538,
        "volume_ratio": 0.73,
        "interpretation": "Acceptable - Within 15% of high (-0.7% from high)",
        "error": null
      },
      "m_component": {
        "score": 100,
        "trend": "strong_uptrend",
        "sp500_price": 6966.28,
        "sp500_ema_50": 6826.9544,
        "distance_from_ema_pct": 2.04,
        "vix_level": 14.49,
        "interpretation": "Strong bull market - Aggressive buying recommended (S&P 500 +2.0% from 50-EMA, VIX 14.5)",
        "warning": null,
        "error": null
      },
      "threshold_check": {
        "passes_all": false,
        "failed_components": [
          "A"
        ],
        "recommendation": "watchlist",
        "reason": "One component below threshold: A"
      }
    },
    {
      "symbol": "AMD",
      "company_name": "Advanced Micro Devices, Inc.",
      "sector": "Technology",
      "price": 203.17,
      "market_cap": 329748429311,
      "composite_score": 47.8,
      "rating": "Below Average",
      "rating_description": "Fails one or more key thresholds",
      "guidance": "Monitor, do not buy",
      "weakest_component": "A",
      "weakest_score": 0,
      "c_component": {
        "score": 100,
        "latest_qtr_eps_growth": 58.3,
        "latest_qtr_revenue_growth": 35.6,
        "latest_eps": 0.76,
        "year_ago_eps": 0.48,
        "latest_revenue": 9246000000,
        "year_ago_revenue": 6819000000,
        "latest_qtr_date": "2025-09-27",
        "year_ago_qtr_date": "2024-09-28",
        "interpretation": "Exceptional - Explosive earnings acceleration (EPS +58.3%, Revenue +35.6%)",
        "quality_warning": null,
        "error": null
      },
      "a_component": {
        "score": 0,
        "eps_cagr_3yr": -27.1,
        "revenue_cagr_3yr": 16.2,
        "stability": "erratic",
        "eps_values": [
          2.61,
          0.85,
          0.53,
          1.01
        ],
        "revenue_values": [
          16434000000,
          23601000000,
          22680000000,
          25785000000
        ],
        "years_analyzed": 4,
        "interpretation": "Weak - -27.1% CAGR does not meet CANSLIM criteria",
        "quality_warning": null,
        "error": null
      },
      "n_component": {
        "score": 40,
        "distance_from_high_pct": -23.9,
        "current_price": 203.17,
        "week_52_high": 267.08,
        "week_52_low": 76.48,
        "breakout_detected": false,
        "current_volume": 24217339,
        "avg_volume": 43946301,
        "volume_ratio": 0.55,
        "interpretation": "Weak - Lacks momentum (-23.9% from high)",
        "error": null
      },
      "m_component": {
        "score": 100,
        "trend": "strong_uptrend",
        "sp500_price": 6966.28,
        "sp500_ema_50": 6826.9544,
        "distance_from_ema_pct": 2.04,
        "vix_level": 14.49,
        "interpretation": "Strong bull market - Aggressive buying recommended (S&P 500 +2.0% from 50-EMA, VIX 14.5)",
        "warning": null,
        "error": null
      },
      "threshold_check": {
        "passes_all": false,
        "failed_components": [
          "A"
        ],
        "recommendation": "watchlist",
        "reason": "One component below threshold: A"
      }
    },
    {
      "symbol": "INTC",
      "company_name": "Intel Corporation",
      "sector": "Technology",
      "price": 45.55,
      "market_cap": 217284380301,
      "composite_score": 47.8,
      "rating": "Below Average",
      "rating_description": "Fails one or more key thresholds",
      "guidance": "Monitor, do not buy",
      "weakest_component": "A",
      "weakest_score": 0,
      "c_component": {
        "score": 40,
        "latest_qtr_eps_growth": 123.2,
        "latest_qtr_revenue_growth": 2.8,
        "latest_eps": 0.9,
        "year_ago_eps": -3.88,
        "latest_revenue": 13653000000,
        "year_ago_revenue": 13284000000,
        "latest_qtr_date": "2025-09-27",
        "year_ago_qtr_date": "2024-09-28",
        "interpretation": "Below threshold - Insufficient growth (EPS +123.2%, Revenue +2.8%)",
        "quality_warning": "Revenue growth significantly lags EPS growth - investigate earnings quality (potential buyback-driven)",
        "error": null
      },
      "a_component": {
        "score": 0,
        "error": "Negative or zero EPS in year 2024-12-28 - cannot calculate CAGR",
        "eps_cagr_3yr": null,
        "revenue_cagr_3yr": null,
        "stability": "unknown",
        "eps_values": null,
        "interpretation": "Negative EPS - not a CANSLIM candidate"
      },
      "n_component": {
        "score": 100,
        "distance_from_high_pct": -0.4,
        "current_price": 45.55,
        "week_52_high": 45.73,
        "week_52_low": 17.67,
        "breakout_detected": true,
        "current_volume": 186691417,
        "avg_volume": 89620569,
        "volume_ratio": 2.08,
        "interpretation": "Exceptional - At new highs with volume breakout (-0.4% from high)",
        "error": null
      },
      "m_component": {
        "score": 100,
        "trend": "strong_uptrend",
        "sp500_price": 6966.28,
        "sp500_ema_50": 6826.9544,
        "distance_from_ema_pct": 2.04,
        "vix_level": 14.49,
        "interpretation": "Strong bull market - Aggressive buying recommended (S&P 500 +2.0% from 50-EMA, VIX 14.5)",
        "warning": null,
        "error": null
      },
      "threshold_check": {
        "passes_all": false,
        "failed_components": [
          "C",
          "A"
        ],
        "recommendation": "avoid",
        "reason": "Multiple components below threshold: C, A"
      }
    },
    {
      "symbol": "ORCL",
      "company_name": "Oracle Corporation",
      "sector": "Technology",
      "price": 198.52,
      "market_cap": 560626493171,
      "composite_score": 43.8,
      "rating": "Below Average",
      "rating_description": "Fails one or more key thresholds",
      "guidance": "Monitor, do not buy",
      "weakest_component": "N",
      "weakest_score": 20,
      "c_component": {
        "score": 60,
        "latest_qtr_eps_growth": 90.3,
        "latest_qtr_revenue_growth": 14.2,
        "latest_eps": 2.15,
        "year_ago_eps": 1.13,
        "latest_revenue": 16057000000,
        "year_ago_revenue": 14059000000,
        "latest_qtr_date": "2025-11-30",
        "year_ago_qtr_date": "2024-11-30",
        "interpretation": "Acceptable - Meets CANSLIM minimum 18% threshold (EPS +90.3%, Revenue +14.2%)",
        "quality_warning": "Revenue growth significantly lags EPS growth - investigate earnings quality (potential buyback-driven)",
        "error": null
      },
      "a_component": {
        "score": 34,
        "eps_cagr_3yr": 21.4,
        "revenue_cagr_3yr": 10.6,
        "stability": "stable",
        "eps_values": [
          2.49,
          3.15,
          3.81,
          4.46
        ],
        "revenue_values": [
          42440000000,
          49954000000,
          52961000000,
          57399000000
        ],
        "years_analyzed": 4,
        "interpretation": "Below threshold - 21.4% CAGR insufficient (<25% required)",
        "quality_warning": "Revenue CAGR significantly lags EPS CAGR - growth may be buyback-driven rather than organic",
        "error": null
      },
      "n_component": {
        "score": 20,
        "distance_from_high_pct": -42.6,
        "current_price": 198.52,
        "week_52_high": 345.72,
        "week_52_low": 118.86,
        "breakout_detected": false,
        "current_volume": 24392813,
        "avg_volume": 25133141,
        "volume_ratio": 0.97,
        "interpretation": "Poor - Too far from highs, overhead resistance (-42.6% from high)",
        "error": null
      },
      "m_component": {
        "score": 100,
        "trend": "strong_uptrend",
        "sp500_price": 6966.28,
        "sp500_ema_50": 6826.9544,
        "distance_from_ema_pct": 2.04,
        "vix_level": 14.49,
        "interpretation": "Strong bull market - Aggressive buying recommended (S&P 500 +2.0% from 50-EMA, VIX 14.5)",
        "warning": null,
        "error": null
      },
      "threshold_check": {
        "passes_all": false,
        "failed_components": [
          "A",
          "N"
        ],
        "recommendation": "avoid",
        "reason": "Multiple components below threshold: A, N"
      }
    },
    {
      "symbol": "AMZN",
      "company_name": "Amazon.com, Inc.",
      "sector": "Consumer Cyclical",
      "price": 247.337,
      "market_cap": 2643940414034,
      "composite_score": 42.4,
      "rating": "Below Average",
      "rating_description": "Fails one or more key thresholds",
      "guidance": "Monitor, do not buy",
      "weakest_component": "A",
      "weakest_score": 0,
      "c_component": {
        "score": 60,
        "latest_qtr_eps_growth": 35.6,
        "latest_qtr_revenue_growth": 13.4,
        "latest_eps": 1.98,
        "year_ago_eps": 1.46,
        "latest_revenue": 180169000000,
        "year_ago_revenue": 158877000000,
        "latest_qtr_date": "2025-09-30",
        "year_ago_qtr_date": "2024-09-30",
        "interpretation": "Acceptable - Meets CANSLIM minimum 18% threshold (EPS +35.6%, Revenue +13.4%)",
        "quality_warning": "Revenue growth significantly lags EPS growth - investigate earnings quality (potential buyback-driven)",
        "error": null
      },
      "a_component": {
        "score": 0,
        "error": "Negative or zero EPS in year 2022-12-31 - cannot calculate CAGR",
        "eps_cagr_3yr": null,
        "revenue_cagr_3yr": null,
        "stability": "unknown",
        "eps_values": null,
        "interpretation": "Negative EPS - not a CANSLIM candidate"
      },
      "n_component": {
        "score": 60,
        "distance_from_high_pct": -4.4,
        "current_price": 247.337,
        "week_52_high": 258.6,
        "week_52_low": 161.38,
        "breakout_detected": false,
        "current_volume": 34559961,
        "avg_volume": 44986493,
        "volume_ratio": 0.77,
        "interpretation": "Acceptable - Within 15% of high (-4.4% from high)",
        "error": null
      },
      "m_component": {
        "score": 100,
        "trend": "strong_uptrend",
        "sp500_price": 6966.28,
        "sp500_ema_50": 6826.9544,
        "distance_from_ema_pct": 2.04,
        "vix_level": 14.49,
        "interpretation": "Strong bull market - Aggressive buying recommended (S&P 500 +2.0% from 50-EMA, VIX 14.5)",
        "warning": null,
        "error": null
      },
      "threshold_check": {
        "passes_all": false,
        "failed_components": [
          "A"
        ],
        "recommendation": "watchlist",
        "reason": "One component below threshold: A"
      }
    }
  ],
  "summary": {
    "total_stocks": 10,
    "exceptional": 0,
    "strong": 1,
    "above_average": 1,
    "average": 0,
    "below_average": 8
  }
}